@book{gasteiger2006chemoinformatics,
  title={Chemoinformatics: a textbook},
  author={Gasteiger, Johann and Engel, Thomas},
  year={2006},
  publisher={John Wiley \& Sons}
}

@article{smieja2016average,
  title={Average information content maximizationâ€”a new approach for fingerprint hybridization and reduction},
  author={{\'S}mieja, Marek and Warszycki, Dawid},
  journal={PloS one},
  volume={11},
  number={1},
  pages={e0146666},
  year={2016},
  publisher={Public Library of Science San Francisco, CA USA}
}